%YAML 1.1
%TAG !u! tag:unity3d.com,2011:
--- !u!1 &3370051103206665300
GameObject:
  m_ObjectHideFlags: 0
  m_CorrespondingSourceObject: {fileID: 0}
  m_PrefabInstance: {fileID: 0}
  m_PrefabAsset: {fileID: 0}
  serializedVersion: 6
  m_Component:
  - component: {fileID: 3370051103206665303}
  - component: {fileID: 3370051103206665297}
  m_Layer: 0
  m_Name: Block (Building 01) Variant 2 (Empty)
  m_TagString: Untagged
  m_Icon: {fileID: 0}
  m_NavMeshLayer: 0
  m_StaticEditorFlags: 0
  m_IsActive: 1
--- !u!4 &3370051103206665303
Transform:
  m_ObjectHideFlags: 0
  m_CorrespondingSourceObject: {fileID: 0}
  m_PrefabInstance: {fileID: 0}
  m_PrefabAsset: {fileID: 0}
  m_GameObject: {fileID: 3370051103206665300}
  m_LocalRotation: {x: -0, y: -0, z: -0, w: 1}
  m_LocalPosition: {x: -20, y: -10, z: 0}
  m_LocalScale: {x: 1, y: 1, z: 1}
  m_Children:
  - {fileID: 3370051105153006358}
  m_Father: {fileID: 0}
  m_RootOrder: 0
  m_LocalEulerAnglesHint: {x: 0, y: 0, z: 0}
--- !u!212 &3370051103206665297
SpriteRenderer:
  m_ObjectHideFlags: 0
  m_CorrespondingSourceObject: {fileID: 0}
  m_PrefabInstance: {fileID: 0}
  m_PrefabAsset: {fileID: 0}
  m_GameObject: {fileID: 3370051103206665300}
  m_Enabled: 1
  m_CastShadows: 0
  m_ReceiveShadows: 0
  m_DynamicOccludee: 1
  m_MotionVectors: 1
  m_LightProbeUsage: 1
  m_ReflectionProbeUsage: 1
  m_RayTracingMode: 0
  m_RayTraceProcedural: 0
  m_RenderingLayerMask: 1
  m_RendererPriority: 0
  m_Materials:
  - {fileID: 2100000, guid: 305da0c010d968d498e2b6d509c1402b, type: 2}
  m_StaticBatchInfo:
    firstSubMesh: 0
    subMeshCount: 0
  m_StaticBatchRoot: {fileID: 0}
  m_ProbeAnchor: {fileID: 0}
  m_LightProbeVolumeOverride: {fileID: 0}
  m_ScaleInLightmap: 1
  m_ReceiveGI: 1
  m_PreserveUVs: 0
  m_IgnoreNormalsForChartDetection: 0
  m_ImportantGI: 0
  m_StitchLightmapSeams: 1
  m_SelectedEditorRenderState: 0
  m_MinimumChartSize: 4
  m_AutoUVMaxDistance: 0.5
  m_AutoUVMaxAngle: 89
  m_LightmapParameters: {fileID: 0}
  m_SortingLayerID: -1175816309
  m_SortingLayer: 1
  m_SortingOrder: 0
  m_Sprite: {fileID: 21300000, guid: 9b88c54599c3dba4cb5df62ad1a4ade3, type: 3}
  m_Color: {r: 1, g: 1, b: 1, a: 1}
  m_FlipX: 0
  m_FlipY: 0
  m_DrawMode: 0
  m_Size: {x: 10.24, y: 10.24}
  m_AdaptiveModeThreshold: 0.5
  m_SpriteTileMode: 0
  m_WasSpriteAssigned: 1
  m_MaskInteraction: 0
  m_SpriteSortPoint: 0
--- !u!1 &3370051105153006359
GameObject:
  m_ObjectHideFlags: 0
  m_CorrespondingSourceObject: {fileID: 0}
  m_PrefabInstance: {fileID: 0}
  m_PrefabAsset: {fileID: 0}
  serializedVersion: 6
  m_Component:
  - component: {fileID: 3370051105153006358}
  - component: {fileID: 3370051105153006355}
  - component: {fileID: 3370051105153006352}
  m_Layer: 0
  m_Name: block_01_L1
  m_TagString: Untagged
  m_Icon: {fileID: 0}
  m_NavMeshLayer: 0
  m_StaticEditorFlags: 0
  m_IsActive: 1
--- !u!4 &3370051105153006358
Transform:
  m_ObjectHideFlags: 0
  m_CorrespondingSourceObject: {fileID: 0}
  m_PrefabInstance: {fileID: 0}
  m_PrefabAsset: {fileID: 0}
  m_GameObject: {fileID: 3370051105153006359}
  m_LocalRotation: {x: -0, y: -0, z: -0, w: 1}
  m_LocalPosition: {x: 0, y: 0, z: -2}
  m_LocalScale: {x: 1, y: 1, z: 1}
  m_Children: []
  m_Father: {fileID: 3370051103206665303}
  m_RootOrder: 0
  m_LocalEulerAnglesHint: {x: 0, y: 0, z: 0}
--- !u!212 &3370051105153006355
SpriteRenderer:
  m_ObjectHideFlags: 0
  m_CorrespondingSourceObject: {fileID: 0}
  m_PrefabInstance: {fileID: 0}
  m_PrefabAsset: {fileID: 0}
  m_GameObject: {fileID: 3370051105153006359}
  m_Enabled: 1
  m_CastShadows: 0
  m_ReceiveShadows: 0
  m_DynamicOccludee: 1
  m_MotionVectors: 1
  m_LightProbeUsage: 1
  m_ReflectionProbeUsage: 1
  m_RayTracingMode: 0
  m_RayTraceProcedural: 0
  m_RenderingLayerMask: 1
  m_RendererPriority: 0
  m_Materials:
  - {fileID: 2100000, guid: 305da0c010d968d498e2b6d509c1402b, type: 2}
  m_StaticBatchInfo:
    firstSubMesh: 0
    subMeshCount: 0
  m_StaticBatchRoot: {fileID: 0}
  m_ProbeAnchor: {fileID: 0}
  m_LightProbeVolumeOverride: {fileID: 0}
  m_ScaleInLightmap: 1
  m_ReceiveGI: 1
  m_PreserveUVs: 0
  m_IgnoreNormalsForChartDetection: 0
  m_ImportantGI: 0
  m_StitchLightmapSeams: 1
  m_SelectedEditorRenderState: 0
  m_MinimumChartSize: 4
  m_AutoUVMaxDistance: 0.5
  m_AutoUVMaxAngle: 89
  m_LightmapParameters: {fileID: 0}
  m_SortingLayerID: 932322175
  m_SortingLayer: 3
  m_SortingOrder: 0
  m_Sprite: {fileID: 21300000, guid: 8d4940ccca79a0a478e2b7884bc79f4b, type: 3}
  m_Color: {r: 1, g: 1, b: 1, a: 1}
  m_FlipX: 0
  m_FlipY: 0
  m_DrawMode: 0
  m_Size: {x: 10, y: 10}
  m_AdaptiveModeThreshold: 0.5
  m_SpriteTileMode: 0
  m_WasSpriteAssigned: 1
  m_MaskInteraction: 0
  m_SpriteSortPoint: 0
--- !u!60 &3370051105153006352
PolygonCollider2D:
  m_ObjectHideFlags: 0
  m_CorrespondingSourceObject: {fileID: 0}
  m_PrefabInstance: {fileID: 0}
  m_PrefabAsset: {fileID: 0}
  m_GameObject: {fileID: 3370051105153006359}
  m_Enabled: 1
  m_Density: 1
  m_Material: {fileID: 0}
  m_IsTrigger: 0
  m_UsedByEffector: 0
  m_UsedByComposite: 0
  m_Offset: {x: 0, y: 0}
  m_SpriteTilingProperty:
    border: {x: 0, y: 0, z: 0, w: 0}
    pivot: {x: 0.5, y: 0.5}
    oldSize: {x: 10, y: 10}
    newSize: {x: 10, y: 10}
    adaptiveTilingThreshold: 0.5
    drawMode: 0
    adaptiveTiling: 0
  m_AutoTiling: 0
  m_Points:
    m_Paths:
    - - {x: 4.5410156, y: -1.1132812}
      - {x: 4.5410156, y: -0.20507812}
      - {x: 4.7753906, y: -0.1953125}
      - {x: 4.8535156, y: -0.18554688}
      - {x: 4.873047, y: -0.17578125}
      - {x: 4.873047, y: 4.873047}
      - {x: 4.8535156, y: 4.8828125}
      - {x: 0.46875, y: 4.8828125}
      - {x: 0.45898438, y: 4.873047}
      - {x: -4.8828125, y: 4.873047}
      - {x: -4.9023438, y: 4.8535156}
      - {x: -4.9023438, y: 2.8613281}
      - {x: -4.921875, y: 2.8613281}
      - {x: -4.921875, y: 2.3535156}
      - {x: -4.9023438, y: 2.3339844}
      - {x: -4.913166, y: 0.37589645}
      - {x: -4.89472, y: -0.28108025}
      - {x: -4.890003, y: -0.7117052}
      - {x: -4.8993907, y: -0.98505974}
      - {x: -4.9121094, y: -1.4160156}
      - {x: -4.892578, y: -1.4550781}
      - {x: -2.0410156, y: -1.4550781}
      - {x: -2.0117188, y: -1.4257812}
      - {x: -1.9925518, y: 0.32336044}
      - {x: -2.0019531, y: -0.71814346}
      - {x: -1.9844084, y: 0.28936958}
      - {x: -0.8019743, y: 0.32877922}
      - {x: -0.8405781, y: 1.5977287}
      - {x: -0.014681816, y: 1.5886564}
      - {x: 0.49853897, y: 0.75751495}
      - {x: 0.5747585, y: -0.1159296}
      - {x: 1.1035614, y: -0.14056396}
      - {x: 1.4442987, y: -0.18517494}
      - {x: 1.4551706, y: -1.1425781}
      - {x: 0.24600697, y: -1.1474047}
      - {x: -0.400033, y: -1.1686125}
      - {x: -0.39682674, y: -1.4169779}
      - {x: -0.3937254, y: -1.5234375}
      - {x: -0.41992188, y: -4.6875}
      - {x: -0.43945312, y: -4.6875}
      - {x: -0.4296875, y: -4.8632812}
      - {x: -0.390625, y: -4.8828125}
      - {x: 4.8535156, y: -4.8828125}
      - {x: 4.873047, y: -4.8632812}
      - {x: 4.873047, y: -1.171875}
      - {x: 4.84375, y: -1.1425781}
